% some dummy examples

@article{F1,
  author = {M. J. Feigenbaum},
  title = {Quantative universality for a class of non-linear transformations},
  journal = {Journal of Statistical Physics},
  year = {1978},
  volume = {19},
  number = {1},
  pages = {25--52},
}

@book{Devaney_green_book_chaos_definition,
  author = {Robert L. Devaney},
  title = {An Introduction to Chaotic Dynamical Systems},
  year = {2022},
  publisher = {CRC Press},
  edition = {3},
  pages = 62
}

@article{Banks,
 ISSN = {00029890, 19300972},
 URL = {http://www.jstor.org/stable/2324899},
 author = {J. Banks and J. Brooks and G. Cairns and G. Davis and P. Stacey},
 journal = {The American Mathematical Monthly},
 number = {4},
 pages = {332--334},
 publisher = {[Taylor & Francis, Ltd., Mathematical Association of America]},
 title = {On Devaney's Definition of Chaos},
 urldate = {2025-01-26},
 volume = {99},
 year = {1992}
}

@incollection{Ruelle-1978,
  author      = "David Ruelle",
  title       = "Dynamical Systems with Turbulent Behavior",
  editor      = "",
  booktitle   = "Mathematical Problems in Theoretical Physics",
  publisher   = "Springer-Verlag",
  address     = "Berlin, Heidelburg, New York",
  year        = 1978
}

@article{May_Nature,
	author = {Robert M. May},
	title = {Simple mathematical models with very complicated dynamics},
	journal = {Nature},
	year = {1976},
	volume = {261},
	pages = {459--467},
	doi = {https://doi.org/10.1038/261459a0}
}

@book{Pierre_Collet,
	author = {Pierre Collet and Jean-Pierre Eckmann},
	title = {Iterated Maps on the Interval as Dynamical Systems},
	year = {1980},
	publisher = {Birkh√§user},
	address = {Boston},
}
